@book{wrcp2014,
  OPTauthor =	 {{Wigner Research Centre for Physics}},
  editor =	 {B\'{i}r\'{o}, T. S. and Bl\'{a}zsik-Kozma, V. and
                  Kmety, A. and Kriza, G. and Lowe, A. J. and Selmeci,
                  B.},
  title =	 {{Wigner RCP 2014: Annual Report}},
  publisher =	 {{Wigner Research Centre for Physics, Hungarian
                  Academy of Sciences}},
  year =	 2015
}


@book{wrcp2013,
  OPTauthor =	 {{Wigner Research Centre for Physics}},
  editor =	 {B\'{i}r\'{o}, T. S. and Bl\'{a}zsik-Kozma, V. and
                  Kmety, A. and Kriza, G. and Lowe, A. J. and Selmeci,
                  B.},
  title =	 {{Wigner RCP 2013: Annual Report}},
  publisher =	 {{Wigner Research Centre for Physics, Hungarian
                  Academy of Sciences}},
  year =	 2014
}


@Article{coccaro:2009,
  author = 	 {Coccaro, A. and others},
  title = 	 {\emph{Usage of vertex detectors in the ATLAS trigger
                  software}},
  journal = 	 {\textnormal{Proceedings of Science}},
  year = 	 {2009},
  OPTkey = 	 {},
  OPTvolume = 	 {},
  OPTnumber = 	 {},
  OPTpages = 	 {},
  OPTmonth = 	 {},
  note = 	 {{Proceedings of the 18th International Workshop on
                  Vertex detectors, 13--18 September 2009, Veluwe,
                  Netherlands}},
  OPTannote = 	 {}
}

@Article{coccaro:2012,
  author = 	 {Coccaro, A. and others},
  title = 	 {\emph{Track Reconstruction and $b$-Jet
                  Identification for the ATLAS Trigger System}},
  OPThowpublished = {{ArXiv e-print: hep-ex/1112.0180}},
  journal = 	 {\textnormal{J. Phys. Conf. Ser.}},
  year = 	 {2012},
  OPTkey = 	 {},
  volume = 	 {368},
  OPTnumber = 	 {},
  pages = 	 {012034 },
  OPTmonth = 	 {June},
  OPTnote = 	 {{Proceedings of the 14th International Workshop on
                  Advanced Computing and Analysis Techniques in
                  Physics Research (ACAT 2011), 5--9 September 2011,
                  Uxbridge, London, UK}},
  OPTannote = 	 {}
}

@Article{cavaliere:2012,
  author = 	 {Cavaliere, V. and others},
  title = 	 {\emph{$b$-jet triggering in ATLAS}},
  journal = 	 {\textnormal{J. Phys. Conf. Ser.}},
  year = 	 {2012},
  OPTkey = 	 {},
  volume = 	 {396},
  number = 	 {2},
  pages = 	 {022008},
  OPTmonth = 	 {December},
  OPTnote = 	 {{Proceedings of the International Conference on
                  Computing in High Energy and Nuclear Physics 2012
                  (CHEP2012)}},
  OPTannote = 	 {}
}

@Article{lima:2011,
  author = 	 {Ferreira de Lima, D.~E. and others},
  title = 	 {\emph{The ATLAS $b$-Jet Trigger}},
  journal = 	 {\textnormal{Proceedings of Science}},
  year = 	 {2011},
  OPTkey = 	 {},
  OPTvolume = 	 {},
  OPTnumber = 	 {},
  OPTpages = 	 {},
  OPTmonth = 	 {October},
  note = 	 {{Proceedings of the XXIst International Europhysics
                  Conference on High Energy Physics (EPS-HEP2011),
                  21--27 July 2011, Grenoble, France}},
  OPTannote = 	 {}
}

@Article{hansson:2011,
  author = 	 {Hansson, P. and others},
  title = 	 {\emph{The ATLAS $b$-Jet Trigger}},
  howpublished = {{ArXiv e-print: hep-ex/1111.4190}},
  OPTjournal = 	 {},
  year = 	 {2011},
  OPTkey = 	 {},
  OPTvolume = 	 {},
  OPTnumber = 	 {},
  OPTpages = 	 {},
  OPTmonth = 	 {November},
  note = 	 {{Proceedings of XXXIst Physics In Collision
                  Conference, Vancouver, Canada, 28 August--1
                  September 2011}},
  OPTannote = 	 {}
}

@Article{Casado:682055,
  author =	 {Casado, M. P. and others},
  title =	 {\emph{Architecture of the ATLAS online
                  physics-selection software at the LHC}},
  OPTinstitution ="CERN",
  OPTaddress =	 "Geneva",
  OPTvolume =	 {{ATL-DAQ-2003-050}},
  OPTmonth =	 "Nov",
  year =	 {2003},
  OPTpages =	 {255--259},
  note =	 {{Proceedings of the 8th Conference on Astroparticle,
                  Particle, Space Physics, Detectors and Medical
                  Physics Applications, Como, Italy, 6--10 October
                  2003}},
}

@Article{Gesualdi-Mello:846438,
  author =	 {Gesualdi-Mello, A and others},
  title =	 {\emph{Overview of the High-Level Trigger Electron
                  and Photon Selection for the ATLAS Experiment at the
                  LHC}},
  OPTinstitution ="CERN",
  OPTaddress =	 "Geneva",
  OPTvolume =	 {ATL-DAQ-CONF-2006-011},
  journal =	 {\textnormal{IEEE Transactions on Nuclear Science}},
  volume =	 {53},
  pages =	 {2839--2843},
  year =	 {2006},
}

@Article{armstrong:2003hlt,
  author =	 {PESA Core Algorithms Group},
  editor =	 {Armstrong, S.},
  title =	 {\emph{Algorithms for the ATLAS High Level Trigger}},
  year =	 {2003},
  OPTkey =	 {},
  volume =	 {{ATL-DAQ-2003-002}},
  OPTnumber =	 {},
  OPTpages =	 {},
  OPTmonth =	 {June (30)},
  OPTnote =	 {{ATLAS Note}},
  OPTannote =	 {}
}

@Article{armstrong:2004,
  author =	 {Armstrong, S. and others},
  title =	 {\emph{Algorithms for the ATLAS High-Level Trigger}},
  journal =	 {\textnormal{IEEE Transactions on Nuclear Science}},
  year =	 {2004},
  OPTkey =	 {},
  volume =	 {51},
  number =	 {3},
  pages =	 {367--374},
  OPTurl =	 {http://hal.in2p3.fr/in2p3-00145325/en/},
  OPTlastchecked ={\lastchecked},
  OPTmonth =	 {June},
  OPTnote =	 {Proceedings of the 13th IEEE-NPSS Real Time
                  Conference, Montreal, Quebec, Canada, 18--23 May
                  2003},
  OPTannote =	 {}
}

@Article{coccaro:2008,
  author =	 {Coccaro, A. and Alpigiani, C. and Lowe, A. and
                  Parodi, F. and Schiavi, C. and Schwartzman, A.},
  title =	 {\emph{Performance and strategies of the b-jet
                  selection for the ATLAS High-Level Trigger}},
  journal =	 {\textnormal{IEEE Transactions on Nuclear Science}},
  year =	 {2009},
  OPTkey =	 {},
  volume =	 {56},
  number =	 {4},
  pages =	 {2549--2553},
  OPTmonth =	 {},
  OPTnote =	 {},
  optnote =	 {{Accepted for publication in \textnormal{IEEE
                  Transactions on Nuclear Science}}}
}

@Article{HVHLT:2009,
  author =	 {{The ATLAS Collaboration}},
  title =	 {\emph{Triggering on Long-Lived Neutral Particles in the ATLAS Detector}},
  OPTjournal =	 {},
  year =	 {2009},
  OPTkey =	 {},
  volume =	 {ATL-PHYS-PUB-2009-082},
  OPTnumber =	 {},
  OPTpages =	 {},
  OPTmonth =	 {July},
  OPTnote =	 {{ATLAS Note}},
  optnote =	 {}
}

@Article{trigperfin2010:2012,
  author =	 {{The ATLAS Collaboration}},
  title =	 {\emph{Performance of the ATLAS Trigger System in 2010}},
  journal =	 {\textnormal{Eur. Phys. J. C}},
  year =	 {2012},
  OPTkey =	 {},
  volume =	 {72},
  OPTnumber =	 {},
  pages =	 {1849},
  OPTmonth =	 {January},
  OPTnote =	 {{ATLAS Note}},
  optnote =	 {}
}

@Misc{comune:2003,
  author =	 {Comune, G. and others},
  title =	 {\emph{The Algorithm Steering and Trigger Decision
                  mechanism of the ATLAS High Level Trigger}},
  year =	 {2003},
  OPTkey =	 {},
  howpublished = {{ArXiv e-print: hep-ex/0306009}},
  OPTvolume =	 {{ATL-DAQ-2003-031}},
  OPTnumber =	 {},
  OPTpages =	 {},
  OPTmonth =	 {July},
  note =	 {Proceedings of the 2003 Conference for Computing in
                  High-Energy and Nuclear Physics (CHEP03), La Jolla,
                  California, USA, 24--28 Mar 2003},
  OPTannote =	 {}
}

@Misc{csc:2009,
  author =	 {{The ATLAS Collaboration}},
  title =	 {\emph{Expected Performance of the ATLAS Experiment:
                  Detector, Trigger and Physics}},
  year =	 {2009},
  OPTkey =	 {},
  howpublished = {{ArXiv e-print: 0901.0512 [hep-ex]}},
  OPTvolume =	 {{CERN-OPEN-2008-020}},
  OPTnumber =	 {},
  OPTpages =	 {},
  OPTmonth =	 {June (12)},
  OPTnote =	 {{(ATLAS CSC book)}},
  OPTannote =	 {}
}

@Article{diazgomez:2004,
  author =	 {D{\'i}az-G{\'o}mez, M. and others},
  title =	 {\emph{Implementation and Performance of the
                  High-Level Trigger electron and photon selection for
                  the ATLAS experiment at the LHC}},
  year =	 {2004},
  OPTkey =	 {},
  OPTvolume =	 {{ATL-COM-DAQ-2004-029}},
  OPTnumber =	 {},
  OPTpages =	 {250--254},
  OPTmonth =	 {},
  OPTnote =	 {{ATLAS Communication}},
  note =	 {Proceedings of Computing in High Energy Physics and
                  Nuclear Physics, Interlaken, Switzerland, 27
                  September--1 October 2004}
}

@Article{goncalo:2005,
  author =	 {Gon{\c{c}}alo, R. and others},
  title =	 {\emph{Overview of the High-Level Trigger Electron
                  and Photon Selection for the ATLAS Experiment at the
                  LHC}},
  year =	 {2005},
  OPTkey =	 {},
  volume =	 {{ATL-DAQ-CONF-2005-036}},
  OPTnumber =	 {},
  OPTpages =	 {},
  OPTmonth =	 {},
  note =	 {{Presented at 2005 IEEE Nuclear Science Symposium
                  and Medical Imaging Conference, Puerto Rico, 23--29
                  October 2005}}
}

@Article{grothe:2002,
  author =	 {Comune, G. and George, S. and Grothe, M. and Lowe,
                  A. and Sch\"{o}rner-Sadenius, T. and Shears, T. G.},
  title =	 {\emph{``April'' Prototype for the HLT Selection
                  Software}},
  year =	 {2002},
  OPTkey =	 {},
  volume =	 {{ATL-COM-DAQ-2002-018}},
  OPTnumber =	 {},
  OPTpages =	 {},
  OPTmonth =	 {July (1)},
  OPTnote =	 {{ATLAS Internal Note}},
  OPTannote =	 {}
}

@Misc{grothe:2003,
  author =	 {Grothe, M. and others},
  title =	 {\emph{Architecture of the ATLAS High Level Trigger
                  Event Selection Software}},
  year =	 {2003},
  OPTkey =	 {},
  howpublished = {{ArXiv e-print: physics/0306097}},
  OPTvolume =	 {{ATL-COM-DAQ-2003-016}},
  OPTnumber =	 {},
  OPTpages =	 {},
  OPTmonth =	 {June (12)},
  note =	 {Proceedings of the 2003 Conference for Computing in
                  High-Energy and Nuclear Physics (CHEP03), La Jolla,
                  California, USA, 24--28 Mar 2003},
  OPTannote =	 {}
}

@Article{hlt:tdr,
  author =	 {{ATLAS HLT/DAQ/DCS Group}},
  title =	 {\emph{ATLAS High-Level Trigger Data Acquisition and
                  Controls Technical Design Report}},
  year =	 {2003},
  OPTkey =	 {},
  OPTtype =	 {},
  OPTnumber =	 {},
  OPTaddress =	 {},
  OPTmonth =	 {October},
  volume =	 {{CERN/LHCC/2003-022}},
  OPTannote =	 {}
}

@Misc{howto:2002,
  OPTkey =	 {},
  author =	 {Lowe, A. J.},
  title =	 {\emph{Example algorithms for use in exercising the
                  functionality of the steering and store}},
  OPThowpublished = {Paper attached to CERN agenda system},
  month =	 {10 December},
  year =	 {2002},
  note =	 {Report presented at ATLAS PESA Core Algorithms
                  meeting, CERN, Geneva, Switzerland. Paper attached
                  to CERN agenda system.},
  OPTannote =	 {Paper attached to CERN agenda system}
}

@MastersThesis{msc:2001,
  author =	 {Lowe, A. J.},
  title =	 {\emph{Light Higgs $(H \rightarrow b \bar{b})$ at the
                  LHC}},
  school =	 {Royal Holloway, University of London},
  year =	 {2001},
  OPTkey =	 {},
  OPTtype =	 {},
  OPTaddress =	 {},
  OPTmonth =	 {},
  note =	 {CERN-THESIS-2009-050},
  OPTannote =	 {}
}

@Article{nikos:2004,
  author =	 {Konstantinidis, N. P. and others},
  title =	 {\emph{Architecture of the ATLAS High Level Trigger
                  Event Selection Software}},
  journal =	 {\textnormal{Nuclear Instruments and Methods in
                  Physics Research Section A}},
  year =	 {2004},
  OPTkey =	 {},
  volume =	 {518},
  OPTnumber =	 {},
  pages =	 {537--541},
  OPTmonth =	 {},
  OPTnote =	 {Proceedings of the 9th Pisa Meeting on Advanced
                  Detectors: Frontier Detectors for Frontier Physics,
                  La Biodola, Isola d'Elba, Italy, 25--31 May
                  2003. ATLAS Note ATL-DAQ-2003-046.},
  OPTannote =	 {}
}

@PhdThesis{phd:2008,
  author =	 {Lowe, A. J.},
  title =	 {{Performance and robustness studies of the trigger
                  for the {ATLAS} experiment}},
  school =	 {Royal Holloway, University of London},
  year =	 {2008},
  OPTkey =	 {},
  OPTtype =	 {},
  OPTaddress =	 {},
  OPTmonth =	 {},
  note =	 {CERN-THESIS-2008-065},
  OPTannote =	 {}
}

@Misc{solar:2001,
  OPTkey =	 {},
  author =	 {Lowe, A. J.},
  title =	 {\emph{Neutrino Physics \& The Solar Neutrino
                  Problem}},
  howpublished = {{ArXiv e-print: 0907.3658v1 [hep-ex]}},
  OPTmonth =	 {},
  year =	 {2001},
  OPTnote =	 {Literature review for master's degree},
  OPTannote =	 {}
}


