@Article{lowe:1998,
  author =	 {Clarke, J. D. and Davis, J. A. and Lowe, A. J.},
  title =	 {\emph{A Very Short Baseline Time Transfer Experiment
                  Using Two Geodetic-Quality {GPS} Receivers and
                  Carrier Phase Techniques}},
  journal =	 {\textnormal{Proceedings of the 30th Annual Precise
                  Time and Time Interval (PTTI) Systems and
                  Applications Meeting, Reston, Virginia, USA, 1--3
                  December 1998}},
  year =	 {1998},
  OPTkey =	 {},
  OPTvolume =	 {},
  OPTnumber =	 {},
  pages =	 {257--269},
  OPTmonth =	 {},
  OPTurl =
                  {http://tycho.usno.navy.mil/ptti/1998/Vol\%2030_24.pdf},
  OPTlastchecked ={\lastchecked},
  OPTnote =	 {},
  OPTannote =	 {}
}

@Article{lowe:1999,
  author =	 {Clarke, J. D. and Davis, J. A. and Lowe, A. J.},
  title =	 {\emph{Characterisation of {NPL}'s Geodetic {GPS}
                  Time Transfer Receivers}},
  journal =	 {\textnormal{Proceedings of the 13th European
                  Frequency and Time Forum (EFTF), Besan\c{c}on,
                  France, 13--16 April 1999}},
  year =	 {1999},
  OPTkey =	 {},
  volume =	 {1},
  OPTnumber =	 {},
  pages =	 {225--229},
  OPTmonth =	 {},
  OPTnote =	 {},
  OPTannote =	 {}
}

@Article{lowe:2000,
  author =	 {Shemar, S. L. and Clarke, J. D. and Lowe, A. J. and
                  Chapman, P. J.},
  title =	 {\emph{Comparisons of the Two-Way, {GPS} Carrier
                  Phase and {GPS} Common View Time Transfer Methods}},
  journal =	 {\textnormal{Proceedings of the 14th European
                  Frequency and Time Forum (EFTF), Torino, Italy,
                  14--16 March 2000}},
  year =	 {2000},
  OPTkey =	 {},
  OPTvolume =	 {},
  OPTnumber =	 {},
  pages =	 {46--50},
  OPTmonth =	 {},
  OPTurl =
                  {http://www.npl.co.uk/time/research/twstft/eftf2000.pdf},
  OPTlastchecked ={\lastchecked},
  OPTnote =	 {},
  OPTannote =	 {}
}

