@Misc{lowe:2002:08:01:ExampleAlgs,
  title =	 {\emph{Example algorithms for use in exercising the
                  functionality of the steering and store}},
  year =	 2002,
  month =	 {1~August},
  note =	 {{ATLAS PESA/HLT Software meeting,
                  CERN, Geneva, Switzerland}}
}

@Misc{lowe:2002:08:08:NavWithSG,
  title =	 {\emph{Navigation with Storegate}},
  year =	 2002,
  month =	 {8~August},
  note =	 {{ATLAS PESA/HLT Software meeting,
                  CERN, Geneva, Switzerland}}
}

@Misc{lowe:2002:09:02:ralss,
  title =	 {\emph{The ATLAS Trigger/DAQ System \& Development of
                  High Level Trigger Algorithms}},
  year =	 2002,
  month =	 {2 September},
  note =	 {Summer School for Young High-Energy
                  Physicists, Chilton, United Kingdom}
}


@Misc{lowe:2002:11:05:NavUpdate,
  title =	 {\emph{Navigation update}},
  year =	 2002,
  month =	 {5~November},
  note =	 {{Talk given at ATLAS PESA Core Software plenary
                  session, CERN, Geneva, Switzerland}}
}

@Misc{lowe:2002:12:10:HowToInterface,
  title =	 {\emph{How to Interface an Algorithm to {PESA Core
                  Software}}},
  year =	 2002,
  month =	 {10~December},
  note =	 {{ATLAS PESA Core Algorithms meeting,
                  CERN, Geneva, Switzerland}}
}

@Misc{lowe:2003:06:05:NavTimingStudies,
  title =	 {\emph{Navigation timing studies}},
  year =	 2003,
  month =	 {5~June},
  note =	 {{ATLAS PESA Core Software meeting,
                  CERN, Geneva, Switzerland}}
}

@Misc{lowe:2003:08:21:NavTiming,
  title =	 {\emph{Navigation timing}},
  year =	 2003,
  month =	 {21~August},
  note =	 {{ATLAS PESA Core Software meeting,
                  CERN, Geneva, Switzerland}}
}

@Misc{lowe:2004:04:07:iop,
  title =	 {\emph{Navigation Timing Studies of the ATLAS
                  High-Level Trigger}},
  year =	 2004,
  month =	 {7~April},
  note =	 {{Annual conference of the High
                  Energy Particle Physics Group of the Institute of
                  Physics, University of Birmingham, United Kingdom,
                  6--7 April 2004}}
}

@Misc{lowe:2004:06:03:egamma,
  title =	 {\emph{{$e/\gamma$ Analysis Framework} Status}},
  year =	 2004,
  month =	 {3~June},
  note =	 {{ATLAS PESA e/gamma meeting, CERN,
                  Geneva, Switzerland}}
}

@Misc{lowe:2004:11:16:calotrig,
  title =	 {\emph{Impact of Dead {LAr} {EM} Calo Cells on
                  Electron Trigger Efficiencies}},
  year =	 2004,
  month =	 {16~November},
  note =	 {ATLAS Calorimeter Trigger Software
                  meeting, CERN, Geneva, Switzerland}
}

@Misc{lowe:2004:11:17:lar,
  title =	 {\emph{Impact of Dead {LAr} {EM} Calo Cells on
                  Electron Trigger Efficiencies}},
  year =	 2004,
  month =	 {17~November},
  note =	 {ATLAS LAr Software and Performance
                  plenary session, LAr Week, CERN, Geneva,
                  Switzerland}
}

@Misc{lowe:2008:03:03:lar,
  title =	 {\emph{Effect of dead cells and FEBs}},
  year =	 2008,
  month =	 {3 March},
  note =	 {Talk given in e/gamma robustness meeting, CERN,
                  Geneva, Switzerland}
}

@Misc{lowe:2008:04:28:tapmbjet,
  title =	 {\emph{Secondary vertex reconstruction at the EF}},
  year =	 2008,
  month =	 {28 April},
  note =	 {ATLAS b-jet trigger slice meeting, CERN,
                  Geneva, Switzerland}
}

@Misc{lowe:2008:05:07:btag,
  title =	 {\emph{Vertexing for Event Filter}},
  year =	 2008,
  month =	 {7 May},
  note =	 {ATLAS b-tagging workshop, INFN and
                  Genoa University, Genoa, Italy, 5--7 May 2008}
}

@Misc{lowe:2008:07:22:tapmbjet,
  title =	 {\emph{Secondary vertex reconstruction at the EF}},
  year =	 2008,
  month =	 {22 July},
  note =	 {ATLAS b-jet trigger slice meeting, CERN,
                  Geneva, Switzerland}
}

@Misc{lowe:2008:12:03:btag,
  title =	 {\emph{HLT b-tagging with secondary vertices}},
  year =	 2008,
  month =	 {3 December},
  note =	 {Talk given at b-tagging meeting, ATLAS Week, CERN,
                  Geneva, Switzerland}
}

@Misc{lowe:2008:12:05:hv,
  title =	 {\emph{HLT Search for Secondary Vertices in the Inner
                  Detector}},
  year =	 2008,
  month =	 {5 December},
  note =	 {ATLAS Hidden Valley meeting, ATLAS Week,
                  CERN, Geneva, Switzerland}
}

@Misc{lowe:2009:02:18:btag,
  title =	 {\emph{Secondary vertexing at the Event Filter}},
  year =	 2009,
  month =	 {18 February},
  note =	 {Talk given at b-tagging meeting, ATLAS Week, CERN,
                  Geneva, Switzerland}
}

@Misc{lowe:2009:04:21:tapmbjet,
  title =	 {{Secondary vertex at EF}},
  year =	 2009,
  month =	 {21 April},
  note =	 {ATLAS b-jet trigger slice meeting, CERN,
                  Geneva, Switzerland}
}

@Misc{lowe:2009:05:26:tapmbjet,
  title =	 {\emph{EF secondary vertex reconstruction}},
  year =	 2009,
  month =	 {26 May},
  note =	 {Talk given in b-jet trigger slice meeting, CERN,
                  Geneva, Switzerland}
}

@Misc{lowe:2009:06:23:tapmbjet,
  title =	 {\emph{EF secondary vertex reconstruction: status
                  update}},
  year =	 2009,
  month =	 {23 June},
  note =	 {ATLAS b-jet trigger slice meeting, CERN,
                  Geneva, Switzerland}
}

@Misc{lowe:2009:07:07:btag,
  title =	 {\emph{Secondary vertex finding for the Event
                  Filter}},
  year =	 2009,
  month =	 {7 July},
  note =	 {ATLAS b-tagging meeting, ATLAS Week, CERN,
                  Geneva, Switzerland}
}

@Misc{lowe:2009:07:30:hv,
  title =	 {\emph{Searching for displaced vertices in the Inner
                  Detector}},
  year =	 2009,
  month =	 {30 July},
  note =	 {ATLAS long-lived particles meeting, CERN,
                  Geneva, Switzerland}
}

@Misc{lowe:2011:04:19:jet,
  title =	 {\emph{New jet substructure and superstructure
                  variables for ATLAS Trigger and physics}},
  year =	 2011,
  month =	 {19 April},
  note =	 {ATLAS Standard Model jet physics meeting,
                  CERN, Geneva, Switzerland}
}

@Misc{lowe:2011:04:20:jet,
  title =	 {\emph{Jet substructure in the Trigger}},
  year =	 2011,
  month =	 {20 April},
  note =	 {Talk given at boosted objects meeting, CERN, Geneva,
                  Switzerland}
}

@Misc{lowe:2011:04:21:jet,
  title =	 {\emph{Jet substructure in the Trigger}},
  year =	 2011,
  month =	 {21 April},
  note =	 {ATLAS Jet+X exotic dijets meeting, CERN,
                  Geneva, Switzerland}
}

@Misc{lowe:2011:04:26:jet,
  title =	 {\emph{Jet substructure variables for Higgs
                  searches}},
  year =	 2011,
  month =	 {26 April},
  note =	 {ATLAS HSG5 $H\rightarrow{b\bar{b}}$ group
                  meeting, CERN, Geneva, Switzerland}
}

@Misc{lowe:2011:09:12:jet,
  title =	 {\emph{Jet shapes and structure for ATLAS Trigger and
                  physics}},
  year =	 2011,
  month =	 {12 September},
  note =	 {ATLAS jet trigger signature group meeting,
                  CERN, Geneva, Switzerland}
}

@Misc{lowe:2011:09:20:jet,
  title =	 {\emph{Jet shapes and structure for
                  $H\rightarrow{b\bar{b}}$}},
  year =	 2011,
  month =	 {20 September},
  note =	 {ATLAS HSG5 $H\rightarrow{b\bar{b}}$ group
                  meeting, CERN, Geneva, Switzerland}
}

@Misc{lowe:2011:10:28:hlt,
  title =	 {\emph{Navigation Slimming}},
  year =	 2011,
  month =	 {28 October},
  note =	 {ATLAS High-Level Trigger Core Software
                  group meeting, CERN, Geneva, Switzerland}
}

@Misc{lowe:2012:07:19:jet,
  title =	 {\emph{Studies of angular distributions for
                  $H\rightarrow{b\bar{b}}$}},
  year =	 2012,
  month =	 {19 July},
  note =	 {ATLAS HSG5 $H\rightarrow{b\bar{b}}$ group
                  meeting, CERN, Geneva, Switzerland}
}

@Misc{lowe:2012:08:01:jet,
  title =	 {\emph{Studies of angular distributions for spin and
                  CP measurements in the $H\rightarrow{b\bar{b}}$
                  channel}},
  year =	 2012,
  month =	 {1 August},
  note =	 {ATLAS HSG7 Higgs combination and properties
                  meeting, CERN, Geneva, Switzerland}
}

@Misc{lowe:2012:09:17:jet,
  title =	 {\emph{Hadronic event shapes for exotic dijets
                  analyses}},
  year =	 2012,
  month =	 {17 September},
  note =	 {Talk given at Jet+X exotic dijets meeting, CERN,
                  Geneva, Switzerland}
}

@Misc{lowe:2012:10:08:jet,
  title =	 {\emph{Hadronic event shapes for exotic dijets
                  analyses}},
  year =	 2012,
  month =	 {8 October},
  note =	 {ATLAS Jet+X exotic dijets meeting, CERN,
                  Geneva, Switzerland}
}

@Misc{lowe:2013:04:16:jet,
  title =	 {\emph{Jet substructure and superstructure for new
                  physics searches}},
  year =	 2013,
  month =	 {16 April},
  note =	 {Seminar at the Institute for Particle and Nuclear
                  Physics, Wigner Research Centre for Physics,
                  Hungarian Academy of Sciences, Budapest, Hungary}
}

@Misc{lowe:2013:11:20:jet,
  title =	 {\emph{Jet substructure and superstructure for new
                  physics searches}},
  year =	 2013,
  month =	 {20 November},
  note =	 {Seminar at E\"{o}tv\"{o}s Lor\'{a}nd University,
                  Budapest, Hungary}
}

@Misc{lowe:2013:12:06:jet,
  title =	 {\emph{Hadronic event shapes and jet shapes}},
  year =	 2013,
  month =	 {6 December},
  note =	 {Seminar given at the 13th Zim\'{a}nyi School on
                  Heavy Ion Physics at the Institute for Particle and
                  Nuclear Physics, Wigner Research Centre for Physics,
                  Hungarian Academy of Sciences, Budapest, Hungary}
}

@Misc{lowe:2014:12:11:ml,
  title =	 {\emph{Quark/gluon jet tagging for ALICE: Machine
                  learning for hadron physics using R}},
  year =	 2014,
  month =	 {11 December},
  note =	 {Seminar given at the Wigner Research Centre for
                  Physics, Hungarian Academy of Sciences, Budapest,
                  Hungary}
}

@Misc{lowe:2015:02:18:ml,
  title =	 {\emph{Machine learning for particle physics using
                  R}},
  year =	 2015,
  month =	 {18 February},
  note =	 {Public talk given at the Budapest R Users Network
                  Meetup, Budapest, Hungary}
}

@Misc{lowe:2015:06:03:bigdata,
  title =	 {\emph{Big fast data in high-energy particle
                  physics}},
  year =	 2015,
  month =	 {3 June},
  note =	 {Budapest Data Forum conference,
                  Budapest, Hungary}
}

@Misc{lowe:2015:10:14:ml,
  title =	 {\emph{Machine learning for particle physics using
                  R}},
  year =	 2015,
  month =	 {14 October},
  note =	 {Budapest Business Intelligence
                  (BI) Forum conference, Budapest, Hungary}
}

@Misc{lowe:2015:10:27:ml,
  title =	 {\emph{Machine learning for particle physics using
                  R}},
  year =	 2015,
  month =	 {27 October},
  note =	 {Talk given at the inaugural meeting of the
                  Inter-experimental LHC Machine Learning Working
                  Group, CERN, Geneva, Switzerland}
}
