@Article{armstrong:2003hlt,
  author =	 {PESA Core Algorithms Group (editor S. Armstrong)},
  editor =	 {Armstrong, S.},
  title =	 {{Algorithms for the ATLAS High Level Trigger}},
  year =	 {2003},
  OPTkey =	 {},
  volume =	 {{ATL-DAQ-2003-002}},
  OPTnumber =	 {},
  OPTpages =	 {},
  OPTmonth =	 {June (30)},
  note =	 {{ATLAS Note}},
  OPTannote =	 {}
}

@Article{armstrong:2004,
  author =	 {Armstrong, S. and others},
  title =	 {{Algorithms for the ATLAS High-Level Trigger}},
  journal =	 {{IEEE Transactions on Nuclear Science}},
  year =	 {2004},
  OPTkey =	 {},
  volume =	 {51},
  number =	 {3},
  pages =	 {367--374},
  url =		 {http://hal.in2p3.fr/in2p3-00145325/en/},
  lastchecked =	 {\lastchecked},
  OPTmonth =	 {June},
  note =	 {Proceedings of the 13th IEEE-NPSS Real Time
                  Conference, Montreal, Quebec, Canada, 18--23 May
                  2003},
  OPTannote =	 {}
}

@Misc{comune:2003,
  author =	 {Comune, G. and others},
  title =	 {{The Algorithm Steering and Trigger Decision
                  mechanism of the ATLAS High Level Trigger}},
  year =	 {2003},
  OPTkey =	 {},
  howpublished = {{ArXiv e-print: hep-ex/0306009}},
  volume =	 {{ATL-DAQ-2003-031}},
  OPTnumber =	 {},
  OPTpages =	 {},
  OPTmonth =	 {July},
  note =	 {Proceedings of the 2003 Conference for Computing in
                  High-Energy and Nuclear Physics (CHEP03), La Jolla,
                  California, USA, 24--28 Mar 2003},
  OPTannote =	 {}
}

@Article{grothe:2002,
  author =	 {Comune, G. and George, S. and Grothe, M. and Lowe,
                  A. and Sch\"{o}rner-Sadenius, T. and Shears, T. G.},
  title =	 {{``April'' Prototype for the HLT Selection
                  Software}},
  year =	 {2002},
  OPTkey =	 {},
  volume =	 {{ATL-COM-DAQ-2002-018}},
  OPTnumber =	 {},
  OPTpages =	 {},
  OPTmonth =	 {July (1)},
  note =	 {{ATLAS Internal Note}},
  OPTannote =	 {}
}

@Misc{grothe:2003,
  author =	 {Grothe, M. and others},
  title =	 {{Architecture of the ATLAS High Level Trigger Event
                  Selection Software}},
  year =	 {2003},
  OPTkey =	 {},
  howpublished = {{ArXiv e-print: physics/0306097}},
  volume =	 {{ATL-COM-DAQ-2003-016}},
  OPTnumber =	 {},
  OPTpages =	 {},
  OPTmonth =	 {June (12)},
  note =	 {Proceedings of the 2003 Conference for Computing in
                  High-Energy and Nuclear Physics (CHEP03), La Jolla,
                  California, USA, 24--28 Mar 2003},
  OPTannote =	 {}
}

@Article{hlt:tdr,
  author =	 {{ATLAS HLT/DAQ/DCS Group}},
  title =	 {{ATLAS High-Level Trigger Data Acquisition and
                  Controls Technical Design Report}},
  year =	 {2003},
  OPTkey =	 {},
  OPTtype =	 {},
  OPTnumber =	 {},
  OPTaddress =	 {},
  OPTmonth =	 {October},
  volume =	 {{CERN/LHCC/2003-022}},
  OPTannote =	 {}
}

@MastersThesis{msc:2001,
  author =	 {Lowe, A. J.},
  title =	 {{Light Higgs $(H \rightarrow b \bar{b})$ at the
                  LHC}},
  school =	 {Royal Holloway, University of London},
  year =	 {2001},
  OPTkey =	 {},
  OPTtype =	 {},
  OPTaddress =	 {},
  OPTmonth =	 {},
  OPTnote =	 {},
  OPTannote =	 {}
}

@Misc{solar:2001,
  url =		 {http://www.pp.rhul.ac.uk/~lowe/work/nu12.pdf},
  lastchecked =	 {\lastchecked},
  OPTkey =	 {},
  author =	 {Lowe, A. J.},
  title =	 {{Neutrino Physics \& The Solar Neutrino Problem}},
  OPThowpublished ={},
  OPTmonth =	 {},
  year =	 {2001},
  note =	 {Literature review for master's degree},
  OPTannote =	 {}
}

@Misc{howto:2002,
  url =
                  {http://www.pp.rhul.ac.uk/~lowe/work/pesa/Example_Algorithms_for_Release2.pdf},
  lastchecked =	 {\lastchecked},
  OPTkey =	 {},
  author =	 {Lowe, A. J.},
  title =	 {Example algorithms for use in exercising the
                  functionality of the steering and store},
  OPThowpublished ={},
  OPTmonth =	 {July},
  year =	 {2002},
  note =	 {Report presented at ATLAS PESA/HLT Software meeting,
                  CERN, Geneva, Switzerland},
  OPTannote =	 {}
}

