@Misc{lowe:2002:08:01:ExampleAlgs,
  url =
                  {http://indico.cern.ch/contributionDisplay.py?contribId=s1t1&amp;materialId=0&amp;confId=a021112},
  OPTurl =	 {http://tinyurl.com/2gf6k3},
  title =	 {Example algorithms for use in exercising the
                  functionality of the steering and store},
  OPTkey =	 {},
  OPTauthor =	 {Lowe, A. J.},
  OPTeditor =	 {},
  year =	 {2002},
  month =	 {1~August},
  lastchecked =	 {\lastchecked},
  note =	 {{Talk given at ATLAS PESA/HLT Software meeting,
                  CERN, Geneva, Switzerland}},
  OPTannote =	 {}
}

@Misc{lowe:2002:08:08:NavWithSG,
  url =
                  {http://indico.cern.ch/getFile.py/access?contribId=s1t0&amp;resId=0&amp;materialId=0&amp;confId=a021139},
  title =	 {{Navigation with Storegate}},
  OPTkey =	 {},
  OPTauthor =	 {George, S. and Lowe, A. J.},
  OPTeditor =	 {},
  year =	 {2002},
  month =	 {8~August},
  lastchecked =	 {\lastchecked},
  note =	 {{Talk given at ATLAS PESA/HLT Software meeting,
                  CERN, Geneva, Switzerland}},
  OPTannote =	 {}
}

@Misc{lowe:2002:09:02:ralss,
  url =
                  {http://www.pp.rhul.ac.uk/~lowe/work/RALsummerschool.pdf},
  title =	 {{The ATLAS Trigger/DAQ System \& Development of High
                  Level Trigger Algorithms}},
  OPTkey =	 {},
  OPTauthor =	 {Lowe, A. J.},
  OPTeditor =	 {},
  year =	 {2002},
  month =	 {2~September},
  lastchecked =	 {\lastchecked},
  note =	 {Talk given at Summer School for Young High-Energy
                  Physicists, Chilton, United Kingdom},
  OPTannote =	 {}
}

@Misc{lowe:2002:11:05:NavUpdate,
  url =
                  {http://indico.cern.ch/materialDisplay.py?subContId=2&amp;contribId=s1t1&amp;materialId=0&amp;confId=a021620},
  title =	 {Navigation update},
  OPTkey =	 {},
  OPTauthor =	 {George, S. and Lowe, A. J.},
  OPTeditor =	 {},
  year =	 {2002},
  month =	 {5~November},
  lastchecked =	 {\lastchecked},
  note =	 {{Talk given at ATLAS PESA Core Software plenary,
                  CERN, Geneva, Switzerland}},
  OPTannote =	 {}
}

@Misc{lowe:2002:12:10:HowToInterface,
  url =
                  {http://indico.cern.ch/contributionDisplay.py?contribId=s1t1&amp;materialId=1&amp;confId=a022027},
  title =	 {How to Interface an Algorithm to {PESA Core
                  Software}},
  OPTkey =	 {},
  OPTauthor =	 {Lowe, A. J.},
  OPTeditor =	 {},
  year =	 {2002},
  month =	 {10~December},
  lastchecked =	 {\lastchecked},
  note =	 {{Talk given at ATLAS PESA Core Algorithms meeting,
                  CERN, Geneva, Switzerland}},
  OPTannote =	 {}
}

@Misc{lowe:2003:06:05:NavTimingStudies,
  url =
                  {http://indico.cern.ch/conferenceDisplay.py?confId=a031037},
  title =	 {Navigation timing studies},
  OPTkey =	 {},
  OPTauthor =	 {Lowe, A. J.},
  OPTeditor =	 {},
  year =	 {2003},
  month =	 {5~June},
  lastchecked =	 {\lastchecked},
  note =	 {{Talk given at ATLAS PESA Core Software meeting,
                  CERN, Geneva, Switzerland}},
  OPTannote =	 {}
}

@Misc{lowe:2003:08:21:NavTiming,
  url =
                  {http://indico.cern.ch/materialDisplay.py?contribId=s1t3&amp;materialId=0&amp;confId=a031068},
  title =	 {Navigation timing},
  OPTkey =	 {},
  OPTauthor =	 {Lowe, A. J.},
  OPTeditor =	 {},
  year =	 {2003},
  month =	 {21~August},
  lastchecked =	 {\lastchecked},
  note =	 {{Talk given at ATLAS PESA Core Software meeting,
                  CERN, Geneva, Switzerland}},
  OPTannote =	 {}
}

@Misc{lowe:2004:04:07:iop,
  url =
                  {http://indico.cern.ch/contributionDisplay.py?contribId=s13t6&amp;sessionId=9&amp;materialId=0&amp;confId=a04837},
  title =	 {{Navigation Timing Studies of the ATLAS High-Level
                  Trigger}},
  OPTkey =	 {},
  OPTauthor =	 {Lowe, A. J.},
  OPTeditor =	 {},
  year =	 {2004},
  OPTmonth =	 {7~April},
  lastchecked =	 {\lastchecked},
  note =	 {{Talk given at the annual conference of the High
                  Energy Particle Physics Group of the Institute of
                  Physics, University of Birmingham, United Kingdom,
                  6--7 April 2004}},
  OPTannote =	 {}
}

@Misc{lowe:2004:06:03,
  url =
                  {http://indico.cern.ch/contributionDisplay.py?contribId=s1t4&amp;materialId=0&amp;confId=a042325},
  title =	 {{$e/\gamma$ Analysis Framework} Status},
  OPTkey =	 {},
  OPTauthor =	 {Lowe, A. J.},
  OPTeditor =	 {},
  year =	 {2004},
  month =	 {3~June},
  lastchecked =	 {\lastchecked},
  note =	 {{Talk given at ATLAS PESA e/gamma meeting, CERN,
                  Geneva, Switzerland}},
  OPTannote =	 {}
}

@Misc{lowe:2004:11:16:calotrig,
  url =
                  {http://indico.cern.ch/subContributionDisplay.py?subContId=0&contribId=s1t2&confId=a044521},
  title =	 {Impact of Dead {LAr} {EM} Calo Cells on Electron
                  Trigger Efficiencies},
  OPTkey =	 {},
  OPTauthor =	 {Lowe, A. J.},
  OPTeditor =	 {},
  year =	 {2004},
  month =	 {16~November},
  lastchecked =	 {\lastchecked},
  note =	 {Talk given at ATLAS Calorimeter Trigger Software
                  meeting, CERN, Geneva, Switzerland},
  OPTannote =	 {}
}

@Misc{lowe:2004:11:17:lar,
  url =
                  {http://indico.cern.ch/contributionDisplay.py?contribId=s0t8&amp;materialId=0&amp;confId=a045052},
  title =	 {Impact of Dead {LAr} {EM} Calo Cells on Electron
                  Trigger Efficiencies},
  OPTkey =	 {},
  OPTauthor =	 {Lowe, A. J.},
  OPTeditor =	 {},
  year =	 {2004},
  month =	 {17~November},
  lastchecked =	 {\lastchecked},
  note =	 {Talk given at ATLAS LAr Software and Performance
                  meeting, LAr Week, CERN, Geneva, Switzerland},
  OPTannote =	 {}
}

